@article{robotic_architecture,
    title = "Brain-controlled wheelchairs: A robotic architecture",
    author = "T. Carlson and J. del R. Millan",
    year = "2013",
    journal = "IEEE Robotics \& Automation Magazine"

}
@article{how_many_people,
    title = "How many people would benefit from a smart wheelchair?",
    author = "R. C. Simpson",
    year = "2008",
    journal = "The Journal of Rehabilitation Research and Development",
    pages = {53--72},
    volume = {45},
    number = {1}

}
@article{toward_brain_computer,
    
    author = "Kaufmann, T. and Herweg, A. and KÃ¼bler, A.",
    title = {Toward brain-computer interface based wheelchair control utilizing tactually-evoked event-related potentials},
    journal = {Journal of NeuroEngineering and Rehabilitation},
    pages = {7},
    volume = {11},
    year = 2014

}
@article{learning_to_control,
    author = {Tonin, L. and Perdikis, S. and Kuzu, T. D. and Pardo, J. and Orset, B. and Lee, K. and Aach, M. and Schildhauer, T. A. and Martinez-Olivera, R. and Millan, J. del},
    title = {Learning to control a BMI-driven wheelchair for people with severe tetraplegia},
    journal = {iScience},
    volume = {25},
    number = {12},
    pages = {105418},
    year = {2022}

}
@article{noninvasive_brain,
    author = {Iturrate, I. and Antlis, J. M. and Kubler, A. and Minguez, J.},
    title = {A noninvasive brain-actuated wheelchair based on a P300 neurophysiological protocol and Automated Navigation},
    journal = {IEEE Transactions on Robotics},
    volume = {25},
    number = {3},
    pages = {614--627},
    year = {2009}
}
@article{smart_wheelchairs,
    author = {R.C. Simpson},
    title = {Smart Wheelchairs: A Literature Review},
    journal = {The Journal of Rehabilitation Research and Development},
    volume = {42},
    number = {4},
    pages = {423},
    year = {2005}

}
@article{a_comprehensive_review,
    author = {J. Leaman and H. M. La},
    title = {A comprehensive review of smart wheelchairs: Past, present, and future},
    journal = {IEEE Transactions on Human-Machine Systems},
    volume = {47},
    number = {4},
    pages = {486--499},
    year = {2017}
    }
@misc{fpga_intel,
    title = {Efficient implementation of neural network systems built on FPGAs, and Programmed with OpenCL},
    howpublished={\url{https://www.intel.com/content/dam/support/us/en/programmable/support-resources/bulk-container/pdfs/literature/solution-sheets/efficient-neural-networks.pdf}},
    year={2016}
    
} 
@article{self_paced,
    author = {Carrino, F. and Dumoulin, J. and Mugellini, E. and Khaled, O. A. and Ingold, R.},
    title = {A self-paced BCI system to control an electric wheelchair: Evaluation of a commercial, low-cost EEG device},
    journal = {2012 ISSNIP Biosignals and Biorobotics Conference: Biosignals and Robotics for Better and Safer Living (BRC)},
    year = {2012}
}
@article{biomedical-signal,
    author = {Tejwani, Krishna and Vadodariya, Jaydip and Panchal, Dipesh},
    title= {Biomedical Signal Detection using Raspberry Pi and Emotiv EPOC},
    journal = {International Conference on Multidiscplinary Research \& Practice},
    volume = {4},
    number = {1}
}
@article{robo-teleop,
    author = {Beraldo, Gloria and Tonin, Luca and Millan, Jose del R. and Menegatti, Emanuele},
    title = {Shared Intelligence for Robot Teleoperation via BMI},
    journal = {IEEE Transactions on Human-Machine Systems},
    volume = {52},
    number = {3},
    year = {2022}}
@misc{openbci-research,
    howpublished = {\url{https://openbci.com/community/published-research-with-openbci/}},
    year = {2019},
    author = {Shirley, I}
}
@article{collab_controller,
    author = {Cruz, Aniana and Pires, Gabriel and Lopes, Ana and Carlos, Carona and Nunes, Urbano J},
    title = {A Self-Paced BCI With a Collaborative Controller for Highly Reliable Wheelchair Driving: Experimental Tests With Physically Disabled Individuals},
    journal = {IEEE Transactions on Human-Machine Systems},
    volume = {51},
    number = "2",
    year = "2021"
}

@article{eegnet,
    author = {Lawhern, V.J. and Solon, A.J. and Waytowich, N.r. and Gordon, S.M. and Hung, C.P. and Lance, B.J.},
    title = {EEGNet: A compact convolutional neural network for EEG-based brain-computer interfaces},
    journal = {Journal of Neural Engineering},
    volume = {15},
    number = {5},
    year = "2018"
}

@article{deep_learning_eeg,
    author = {Zhu, Hao and Forenzo, Dylan and He, Bin},
    title = {On the Deep Learning Models for EEG-Based Brain-Computer Interface Using Motor Imagery},
    journal = {IEEE Transactions on Neural Systems and Rehabilitation Engineering},
    volume = {30},
    year = "2022"
}

@article{eegnet_processor_design,
    author = {Feng, Lichen and Yang, Liying and Liu, Shubin and Han, Chenxi and Zhang, Yueqi and Zhu, Zhangming},
    title = {An efficient EEGNet processor design for portable EEG-Based BCIs},
    journal = {Microelectronics Journal},
    volume = {120},
    year = "2022"
}

@article{lstm_eeg,
    author = {Maqsood, Aiman and Mumtaz, Wajid},
    title = {Development of a Deep Learning Model for Motor-Imagery Classification},
    journal = {IEEE International Conference on Data Science and Information Systems},
    
    year = "2022"
}

@article{dmtl_bci,
    author = {Gao, Y. and Zhang, Y. and Song, X. and Wang, Z. and Zhang, S.},
    title = {EEG-Based Motor Imagery Classification with Deep Multi-Task Learning},
    journal = {IEEE Transactions on Neural Systems and Rehabilitation Engineering},
    volume = {26},
    number = {5},
    year = "2018"
}

@misc{roboclaw,
    howpublished={\url{https://www.basicmicro.com/downloads}}  
} 